@article{deb2002fast,
  title     = {A fast and elitist multiobjective genetic algorithm: NSGA-II},
  author    = {Deb, Kalyanmoy and Pratap, Amrit and Agarwal, Sameer and Meyarivan, T},
  journal   = {IEEE transactions on evolutionary computation},
  volume    = {6},
  number    = {2},
  pages     = {182--197},
  year      = {2002},
  publisher = {IEEE}
}

@book{blank2005engineering,
  title     = {Engineering optimization: an introduction to metaheuristic applications},
  author    = {Blank, Joachim and Deb, Kalyanmoy},
  year      = {2005},
  publisher = {Springer Science & Business Media}
}

@article{pymoo,
  title     = {PyMoo: Multi-objective Optimization in Python},
  author    = {Blank, Joachim and Deb, Kalyanmoy},
  journal   = {Journal of Open Source Software},
  volume    = {4},
  number    = {34},
  pages     = {1185},
  year      = {2019},
  publisher = {Open Source Software}
}

@article{verma2021comprehensive,
  title     = {A comprehensive review on NSGA-II for multi-objective combinatorial optimization problems},
  author    = {Verma, Stuti and Pant, Millie and Snasel, Vaclav},
  journal   = {IEEE Access},
  volume    = {9},
  pages     = {57757--57791},
  year      = {2021},
  publisher = {IEEE}
}

@article{ma2023comprehensive,
  title     = {A comprehensive survey on NSGA-II for multi-objective optimization and applications},
  author    = {Ma, Hong and Zhang, Yilin and Sun, Shubin and Liu, Tao and Shan, Yilun},
  journal   = {Artificial Intelligence Review},
  pages     = {1--46},
  year      = {2023},
  publisher = {Springer}
}

@article{cao2015using,
  title     = {On using the hypervolume indicator to compare Pareto fronts: Applications to multi-criteria optimal experimental design},
  author    = {Cao, Y. and Smucker, B. J. and Robinson, T. J.},
  journal   = {Journal of Statistical Planning and Inference},
  volume    = {162},
  pages     = {1--16},
  year      = {2015},
  publisher = {Elsevier}
}

@inproceedings{hamdani2007multi,
  title        = {Multi-objective feature selection with NSGA II},
  author       = {Hamdani, T. M. and Won, J. M. and Alimi, A. M. and Karray, F.},
  booktitle    = {International Conference on Artificial Neural Networks},
  pages        = {240--248},
  year         = {2007},
  organization = {Springer}
}

@article{yazdinejad2023optimized,
  title     = {An optimized fuzzy deep learning model for data classification based on NSGA-II},
  author    = {Yazdinejad, A. and Dehghantanha, A. and Parizi, R. M. and others},
  journal   = {Neurocomputing},
  volume    = {529},
  pages     = {125--137},
  year      = {2023},
  publisher = {Elsevier}
}

@article{vijai2025hybrid,
  title     = {A hybrid multi-objective optimization approach with NSGA-II for feature selection},
  author    = {Vijai, P},
  journal   = {Decision Analytics Journal},
  year      = {2025},
  publisher = {Elsevier}
}

@article{cattelani2022improved,
  title     = {Improved NSGA-II algorithms for multi-objective biomarker discovery},
  author    = {Cattelani, L and Fortino, V},
  journal   = {Bioinformatics},
  volume    = {38},
  number    = {Supplement_2},
  pages     = {ii20--ii26},
  year      = {2022},
  publisher = {Oxford University Press}
}

@article{dos2018multi,
  title        = {Multi-objective genetic algorithm for feature selection in a protein function prediction context},
  author       = {Dos Santos, BC and Nobre, CN and Lopes, HS},
  booktitle    = {2018 IEEE Congress on Evolutionary Computation (CEC)},
  pages        = {1--8},
  year         = {2018},
  organization = {IEEE}
}

@article{kumar2004feature,
  title   = {Feature selection for classification of hyperspectral remotely sensed data using NSGA-II},
  author  = {Kumar, M},
  journal = {Water Resources Seminar CE D},
  year    = {2004}
}

@article{zhu2017improved,
  title     = {An improved NSGA-III algorithm for feature selection used in intrusion detection},
  author    = {Zhu, Y and Liang, J and Chen, J and Ming, Z},
  journal   = {Knowledge-Based Systems},
  volume    = {116},
  pages     = {152--162},
  year      = {2017},
  publisher = {Elsevier}
}

@article{zheng2016study,
  title     = {A study on a cooperative character modeling based on an improved NSGA II},
  author    = {Zheng, X and Li, Y and Liu, H and Duan, H},
  journal   = {Multimedia Tools and Applications},
  volume    = {75},
  pages     = {1019--1034},
  year      = {2016},
  publisher = {Springer}
}

@article{goshgarismayilov_fs-nsga-ii,
  title   = {FS-NSGA-II},
  author  = {GoshgarIsmayilov},
  journal = {GitHub repository},
  url     = {https://github.com/GoshgarIsmayilov/FS-NSGA-II},
  year    = {Unknown}
}

@article{diva_portal_eeg,
  title   = {NSGA-II DESIGN FOR FEATURE SELECTION IN EEG-BASED BRAIN-COMPUTER INTERFACE},
  author  = {Unknown},
  journal = {DiVA portal},
  url     = {https://www.diva-portal.org/smash/get/diva2:1413219/FULLTEXT01.pdf},
  year    = {2020}
}

@article{wiley_exsy_2023,
  title     = {Ensemble deep learning framework with NSGA-II feature selection for medical diagnosis},
  author    = {Unknown},
  journal   = {Expert Systems},
  volume    = {40},
  issue     = {2},
  pages     = {e13254},
  year      = {2023},
  publisher = {Wiley}
}

@article{sciencedirect_block_feature_selection,
  title     = {Block feature selection based on NSGA-II applied to fault diagnosis of rolling bearings},
  author    = {Unknown},
  journal   = {Journal of Manufacturing Systems},
  volume    = {68},
  pages     = {253-264},
  year      = {2023},
  publisher = {Elsevier}
}

@article{sciencedirect_multi_view_feature_selection,
  title     = {Multi-objective genetic algorithm for multi-view feature selection},
  author    = {Unknown},
  journal   = {Expert Systems with Applications},
  volume    = {241},
  pages     = {122584},
  year      = {2024},
  publisher = {Elsevier}
}